@article{Brookhart2006,
author = {Brookhart, M Alan and Schneeweiss, Sebastian and Rothman, Kenneth J and Glynn, Robert J and Avorn, Jerry and St{\"{u}}rmer, Til},
doi = {10.1093/aje/kwj149},
file = {:C$\backslash$:/Users/FCl1810.45239/Downloads/Brookhart 2006.pdf:pdf},
journal = {American Journal of Epidemiology},
number = {12},
pages = {1149--1156},
title = {{Variable Selection for Propensity Score Models}},
volume = {163},
year = {2006}
}
@article{Burton2006,
author = {Burton, Andrea and Altman, Douglas G. and Royston, Patrick and Holder, Roger L.},
doi = {10.1002/sim.2673},
journal = {STATISTICS IN MEDICINE},
number = {25},
pages = {4279--4292},
title = {{The design of simulation studies in medical statistics}},
year = {2006}
}
@article{rougier_sustainable_2017-1,
author = {Rougier, Nicolas P and Hinsen, Konrad and Alexandre, Fr{\'{e}}d{\'{e}}ric and Arildsen, Thomas and Barba, Lorena A and Benureau, Fabien C Y and Brown, C Titus and de Buyl, Pierre and Caglayan, Ozan and Davison, Andrew P and Delsuc, Marc-Andr{\'{e}} and Detorakis, Georgios and Diem, Alexandra K and Drix, Damien and Enel, Pierre and Girard, Beno{\^{i}}t and Guest, Olivia and Hall, Matt G and Henriques, Rafael N and Hinaut, Xavier and Jaron, Kamil S and Khamassi, Mehdi and Klein, Almar and Manninen, Tiina and Marchesi, Pietro and McGlinn, Daniel and Metzner, Christoph and Petchey, Owen and Plesser, Hans Ekkehard and Poisot, Timoth{\'{e}}e and Ram, Karthik and Ram, Yoav and Roesch, Etienne and Rossant, Cyrille and Rostami, Vahid and Shifman, Aaron and Stachelek, Joseph and Stimberg, Marcel and Stollmeier, Frank and Vaggi, Federico and Viejo, Guillaume and Vitay, Julien and Vostinar, Anya E and Yurchak, Roman and Zito, Tiziano},
doi = {10.7717/peerj-cs.142},
issn = {2376-5992},
journal = {PeerJ Computer Science},
month = {dec},
pages = {e142},
shorttitle = {Sustainable Computational Science},
title = {{Sustainable Computational Science: The {\{}{\{}ReScience{\}}{\}} Initiative}},
volume = {3},
year = {2017}
}
